@misc{PD333-data-sheet,
    title={PD333-3C-H0-L2.pdf},
    url={https://www.everlight.com/file/ProductFile/PD333-3C-H0-L2.pdf}
}
